@online{ServiceWorker,
  title = {Service Worker API},
  author = {Mdn Web Docs},
  year = {2024},
  url = {https://developer.mozilla.org/en-US/docs/Web/API/Service_Worker_API},
  note = {Accessed: February 29th, 2024}
}

@online{Medium,
  title = {A beginnerâ€™s guide to Service Workers},
  author = {Arora},
  year = {2017},
  url = {https://medium.com/samsung-internet-dev/a-beginners-guide-to-service-workers-f76abf1960f6},
  note = {Accessed: February 29th, 2024}
}
