@online{Microsoft,
  title = {How to Make Web Pages Available for Offline Viewing},
  author = {Microsoft},
  year = {2024},
  url = {https://support.microsoft.com/en-us/topic/how-to-make-web-pages-available-for-offline-viewing-aa1ada53-1572-562b-c7bc-73fe0845105a},
  note = {Accessed: March 26th, 2024}
}

@online{PWA,
  title = {PROGRESSIVE WEB APPS: A COMPREHENSIVE KNOWLEDGE FOR BEGINNERS},
  author = {MageNest},
  year = {2023},
  url = {https://magenest.com/en/progressive-web-apps/},
  note = {Accessed: March 26th, 2024}
}

@online{Network,
  title = {Offline Browsing: Navigating Without Connectivity},
  author = {NetworkEncyclopedia},
  year = {2023},
  url = {https://networkencyclopedia.com/offline-browsing/},
  note = {Accessed: March 26th, 2024}
}


