@online{pwa,
  title = {TOP BEST PWA DEVELOPMENT TOOLS AND TECHNOLOGIES FOR YOUR BUSINESS},
  author = {Tuan Anh Duong},
  year = {2023},
  url = {https://magenest.com/en/pwa-development-tools/},
  note = {Accessed: January 8, 2024}
}

@online{pwaRequirements,
  title = {Minimum requirements for implementing Progressive Web Apps},
  author = {BBVA},
  year = {2020},
  url = {https://www.bbvaapimarket.com/en/api-world/minimum-requirements-implementing-progressive-web-apps/},
  note = {Accessed: January 8, 2024}
}