@online{Microsoft,
  title = {Cache Management for Network Applications},
  author = {Microsoft},
  year = {2024},
  url = {https://learn.microsoft.com/en-us/dotnet/framework/network-programming/cache-management-for-network-applications},
  note = {Accessed: March 26, 2024}
}


@online{CloudFare,
  title = {What is caching?},
  author = {Cloudfare},
  year = {2024},
  url = {https://www.cloudflare.com/learning/cdn/what-is-caching/},
  note = {Accessed: March 26, 2024}
}

@online{Solutions,
  title = {Caché web: qué es y para qué sirve},
  author = {Piensa Solutions},
  year = {2024},
  url = {https://www.piensasolutions.com/blog/cache-web-que-es-y-para-que-sirve#Tipos_de_cache_web},
  note = {Accessed: March 26, 2024}
}