@online{SOA,
  title = {What is Service-Oriented Architecture (SOA)?},
  author = {Navdeep Singh Gill},
  year = {2023},
  url = {https://www.xenonstack.com/insights/service-oriented-architecture},
  note = {Accessed: January 5, 2024}
}

@online{PWA,
  title = {What is a PWA? Progressive Web Apps for Beginners},
  author = {Hillary Nyakundi},
  year = {2023},
  url = {https://www.freecodecamp.org/news/what-are-progressive-web-apps/},
  note = {Accessed: January 5, 2024}
}

@online{PWA2,
  title = {What is PWA? Progressive Web Apps in eCommerce Explained},
  author = {Vue StoreFront},
  year = {2023},
  url = {https://vuestorefront.io/blog/pwa},
  note = {Accessed: January 5, 2024}
}

@online{pwaBenefits,
  title = {What is a PWA?},
  author = {Meryl Kremer},
  year = {2023},
  url = {https://onesignal.com/blog/what-is-a-pwa/},
  note = {Accessed: January 5, 2024}

}